@article{petrie2009random,
  title={Random versus directionally persistent cell migration},
  author={Petrie, Ryan J and Doyle, Andrew D and Yamada, Kenneth M},
  journal={Nature reviews Molecular cell biology},
  volume={10},
  number={8},
  pages={538--549},
  year={2009},
  publisher={Nature Publishing Group}
}

@article{scarpa2016collective,
  title={Collective cell migration in development},
  author={Scarpa, Elena and Mayor, Roberto},
  journal={J Cell Biol},
  volume={212},
  number={2},
  pages={143--155},
  year={2016},
  publisher={Rockefeller University Press}
}

@article{hanahan2000hallmarks,
  title={The hallmarks of cancer},
  author={Hanahan, Douglas and Weinberg, Robert A},
  journal={cell},
  volume={100},
  number={1},
  pages={57--70},
  year={2000},
  publisher={Elsevier}
}

@article{hanahan2011hallmarks,
  title={Hallmarks of cancer: the next generation},
  author={Hanahan, Douglas and Weinberg, Robert A},
  journal={cell},
  volume={144},
  number={5},
  pages={646--674},
  year={2011},
  publisher={Elsevier}
}

@article{parent2004making,
  title={Making all the right moves: chemotaxis in neutrophils and Dictyostelium},
  author={Parent, Carole A},
  journal={Current opinion in cell biology},
  volume={16},
  number={1},
  pages={4--13},
  year={2004},
  publisher={Elsevier}
}

@article{dahlquist1976studies,
  title={Studies of bacterial chemotaxis in defined concentration gradients. A model for chemotaxis toward L-serine},
  author={Dahlquist, FW and Elwell, RA and Lovely, Peter S},
  journal={Journal of supramolecular structure},
  volume={4},
  number={3},
  pages={329--342},
  year={1976},
  publisher={Wiley Online Library}
}

@article{boelens2014exosome,
  title={Exosome transfer from stromal to breast cancer cells regulates therapy resistance pathways},
  author={Boelens, Mirjam C and Wu, Tony J and Nabet, Barzin Y and Xu, Bihui and Qiu, Yu and Yoon, Taewon and Azzam, Diana J and Twyman-Saint Victor, Christina and Wiemann, Brianne Z and Ishwaran, Hemant and ter Brugge, Petra J and Jonkers, Jos and Slingerland, Joyce and Minn, Andy J},
  journal={Cell},
  volume={159},
  number={3},
  pages={499--513},
  year={2014},
  publisher={Elsevier}
}

@article{gerhardt2003vegf,
  title={VEGF guides angiogenic sprouting utilizing endothelial tip cell filopodia},
  author={Gerhardt, Holger and Golding, Matthew and Fruttiger, Marcus and Ruhrberg, Christiana and Lundkvist, Andrea and Abramsson, Alexandra and Jeltsch, Michael and Mitchell, Christopher and Alitalo, Kari and Shima, David and others},
  journal={The Journal of cell biology},
  volume={161},
  number={6},
  pages={1163--1177},
  year={2003},
  publisher={Rockefeller University Press}
}

@article{cheung2013collective,
  title={Collective invasion in breast cancer requires a conserved basal epithelial program},
  author={Cheung, Kevin J and Gabrielson, Edward and Werb, Zena and Ewald, Andrew J},
  journal={Cell},
  volume={155},
  number={7},
  pages={1639--1651},
  year={2013},
  publisher={Elsevier}
}

@article{kwak2014simulation,
  title={Simulation of complex transport of nanoparticles around a tumor using tumor-microenvironment-on-chip},
  author={Kwak, Bongseop and Ozcelikkale, Altug and Shin, Crystal S and Park, Kinam and Han, Bumsoo},
  journal={Journal of Controlled Release},
  volume={194},
  pages={157--167},
  year={2014},
  publisher={Elsevier}
}

@article{shin2013development,
  title={Development of an in vitro 3D tumor model to study therapeutic efficiency of an anticancer drug},
  author={Shin, Crystal S and Kwak, Bongseop and Han, Bumsoo and Park, Kinam},
  journal={Molecular pharmaceutics},
  volume={10},
  number={6},
  pages={2167--2175},
  year={2013},
  publisher={ACS Publications}
}

@article{ellison2016cell,
  title={Cell--cell communication enhances the capacity of cell ensembles to sense shallow gradients during morphogenesis},
  author={Ellison, David and Mugler, Andrew and Brennan, Matthew D and Lee, Sung Hoon and Huebner, Robert J and Shamir, Eliah R and Woo, Laura A and Kim, Joseph and Amar, Patrick and Nemenman, Ilya and others},
  journal={Proceedings of the National Academy of Sciences},
  pages={201516503},
  year={2016},
  publisher={National Acad Sciences}
}

@article{rasmussen2006quorum,
  title={Quorum-sensing inhibitors as anti-pathogenic drugs},
  author={Rasmussen, Thomas B and Givskov, Michael},
  journal={International Journal of Medical Microbiology},
  volume={296},
  number={2},
  pages={149--161},
  year={2006},
  publisher={Elsevier}
}

@article{rosoff2004new,
  title={A new chemotaxis assay shows the extreme sensitivity of axons to molecular gradients},
  author={Rosoff, William J and Urbach, Jeffrey S and Esrick, Mark A and McAllister, Ryan G and Richards, Linda J and Goodhill, Geoffrey J},
  journal={Nature neuroscience},
  volume={7},
  number={6},
  pages={678--682},
  year={2004},
  publisher={Nature Publishing Group}
}

@article{shields2007autologous,
  title={Autologous chemotaxis as a mechanism of tumor cell homing to lymphatics via interstitial flow and autocrine CCR7 signaling},
  author={Shields, Jacqueline D and Fleury, Mark E and Yong, Carolyn and Tomei, Alice A and Randolph, Gwendalyn J and Swartz, Melody A},
  journal={Cancer cell},
  volume={11},
  number={6},
  pages={526--538},
  year={2007},
  publisher={Elsevier}
}

@article{song2006dictyostelium,
  title={Dictyostelium discoideum chemotaxis: threshold for directed motion},
  author={Song, Loling and Nadkarni, Sharvari M and B{\"o}deker, Hendrik U and Beta, Carsten and Bae, Albert and Franck, Carl and Rappel, Wouter-Jan and Loomis, William F and Bodenschatz, Eberhard},
  journal={European journal of cell biology},
  volume={85},
  number={9},
  pages={981--989},
  year={2006},
  publisher={Elsevier}
}

@article{ueda2007stochastic,
  title={Stochastic signal processing and transduction in chemotactic response of eukaryotic cells},
  author={Ueda, Masahiro and Shibata, Tatsuo},
  journal={Biophysical journal},
  volume={93},
  number={1},
  pages={11--20},
  year={2007},
  publisher={Elsevier}
}

@article{vader2014extracellular,
  title={Extracellular vesicles: emerging targets for cancer therapy},
  author={Vader, Pieter and Breakefield, Xandra O and Wood, Matthew JA},
  journal={Trends in molecular medicine},
  volume={20},
  number={7},
  pages={385--393},
  year={2014},
  publisher={Elsevier}
}

@article{codling2008random,
  title={Random walk models in biology},
  author={Codling, Edward A and Plank, Michael J and Benhamou, Simon},
  journal={Journal of the Royal Society Interface},
  volume={5},
  number={25},
  pages={813--834},
  year={2008},
  publisher={The Royal Society}
}

@article{polacheck2011interstitial,
  title={Interstitial flow influences direction of tumor cell migration through competing mechanisms},
  author={Polacheck, William J and Charest, Joseph L and Kamm, Roger D},
  journal={Proceedings of the National Academy of Sciences},
  volume={108},
  number={27},
  pages={11115--11120},
  year={2011},
  publisher={National Acad Sciences}
}

@article{postma2003uniform,
  title={Uniform cAMP stimulation of Dictyostelium cells induces localized patches of signal transduction and pseudopodia},
  author={Postma, Marten and Roelofs, Jeroen and Goedhart, Joachim and Gadella, Theodorus WJ and Visser, Antonie JWG and Van Haastert, Peter JM},
  journal={Molecular biology of the cell},
  volume={14},
  number={12},
  pages={5019--5027},
  year={2003},
  publisher={Am Soc Cell Biol}
}

@article{lu2008genetic,
  title={Genetic mosaic analysis reveals FGF receptor 2 function in terminal end buds during mammary gland branching morphogenesis},
  author={Lu, Pengfei and Ewald, Andrew J and Martin, Gail R and Werb, Zena},
  journal={Developmental biology},
  volume={321},
  number={1},
  pages={77--87},
  year={2008},
  publisher={Elsevier}
}

@article{van2007biased,
  title={Biased random walk by stochastic fluctuations of chemoattractant-receptor interactions at the lower limit of detection},
  author={Van Haastert, Peter JM and Postma, Marten},
  journal={Biophysical journal},
  volume={93},
  number={5},
  pages={1787--1796},
  year={2007},
  publisher={Elsevier}
}

@article{guptasarma1995does,
  title={Does replication-induced transcription regulate synthesis of the myriad low copy number proteins of Escherichia coli?},
  author={Guptasarma, Purnananda},
  journal={Bioessays},
  volume={17},
  number={11},
  pages={987--997},
  year={1995},
  publisher={Wiley Online Library}
}

@article{elowitz1999protein,
  title={Protein Mobility in the Cytoplasm ofEscherichia coli},
  author={Elowitz, Michael B and Surette, Michael G and Wolf, Pierre-Etienne and Stock, Jeffry B and Leibler, Stanislas},
  journal={Journal of bacteriology},
  volume={181},
  number={1},
  pages={197--203},
  year={1999},
  publisher={Am Soc Microbiol}
}

@article{elowitz2002stochastic,
  title={Stochastic gene expression in a single cell},
  author={Elowitz, Michael B and Levine, Arnold J and Siggia, Eric D and Swain, Peter S},
  journal={Science},
  volume={297},
  number={5584},
  pages={1183--1186},
  year={2002},
  publisher={American Association for the Advancement of Science}
}

@article{hsu2000cadherin,
  title={Cadherin repertoire determines partner-specific gap junctional communication during melanoma progression},
  author={Hsu, M and Andl, Thomas and Li, Gang and Meinkoth, Judith L and Herlyn, Meenhard},
  journal={J cell Sci},
  volume={113},
  number={9},
  pages={1535--1542},
  year={2000},
  publisher={The Company of Biologists Ltd}
}

@article{gillespie2000chemical,
  title={The chemical Langevin equation},
  author={Gillespie, Daniel T},
  journal={The Journal of Chemical Physics},
  volume={113},
  number={1},
  pages={297--306},
  year={2000},
  publisher={AIP}
}

@article{maire2015molecular,
  title={Molecular-level tuning of cellular autonomy controls the collective behaviors of cell populations},
  author={Maire, Th{\'e}o and Youk, Hyun},
  journal={Cell systems},
  volume={1},
  number={5},
  pages={349--360},
  year={2015},
  publisher={Elsevier}
}

@article{mente2015analysis,
  title={Analysis of individual cell trajectories in lattice-gas cellular automaton models for migrating cell populations},
  author={Mente, Carsten and Voss-B{\"o}hme, Anja and Deutsch, Andreas},
  journal={Bulletin of mathematical biology},
  volume={77},
  number={4},
  pages={660--697},
  year={2015},
  publisher={Springer}
}

@article{ermentrout1993cellular,
  title={Cellular automata approaches to biological modeling},
  author={Ermentrout, G Bard and Edelstein-Keshet, Leah},
  journal={Journal of theoretical Biology},
  volume={160},
  number={1},
  pages={97--133},
  year={1993},
  publisher={Elsevier}
}

@article{bernstein2002global,
  title={Global analysis of mRNA decay and abundance in Escherichia coli at single-gene resolution using two-color fluorescent DNA microarrays},
  author={Bernstein, Jonathan A and Khodursky, Arkady B and Lin, Pei-Hsun and Lin-Chao, Sue and Cohen, Stanley N},
  journal={Proceedings of the National Academy of Sciences},
  volume={99},
  number={15},
  pages={9697--9702},
  year={2002},
  publisher={National Acad Sciences}
}

@article{wang2014interplay,
  title={The interplay of cell--cell and cell--substrate adhesion in collective cell migration},
  author={Wang, Chenlu and Chowdhury, Sagar and Driscoll, Meghan and Parent, Carole A and Gupta, SK and Losert, Wolfgang},
  journal={Journal of The Royal Society Interface},
  volume={11},
  number={100},
  pages={20140684},
  year={2014},
  publisher={The Royal Society}
}

@article{gaggioli2007fibroblast,
  title={Fibroblast-led collective invasion of carcinoma cells with differing roles for RhoGTPases in leading and following cells},
  author={Gaggioli, Cedric and Hooper, Steven and Hidalgo-Carcedo, Cristina and Grosse, Robert and Marshall, John F and Harrington, Kevin and Sahai, Erik},
  journal={Nature cell biology},
  volume={9},
  number={12},
  pages={1392--1400},
  year={2007},
  publisher={Nature Publishing Group}
}

@article{takeda2012incoherent,
  title={Incoherent feedforward control governs adaptation of activated ras in a eukaryotic chemotaxis pathway},
  author={Takeda, Kosuke and Shao, Danying and Adler, Micha and Charest, Pascale G and Loomis, William F and Levine, Herbert and Groisman, Alex and Rappel, Wouter-Jan and Firtel, Richard A},
  journal={Science signaling},
  volume={5},
  number={205},
  pages={ra2},
  year={2012},
  publisher={NIH Public Access}
}

@article{alon1999robustness,
  title={Robustness in bacterial chemotaxis},
  author={Alon, Uri and Surette, Michael G and Barkai, Naama and Leibler, Stanislas},
  journal={Nature},
  volume={397},
  number={6715},
  pages={168--171},
  year={1999},
  publisher={Nature Publishing Group}
}

@article{aceto2014circulating,
  title={Circulating tumor cell clusters are oligoclonal precursors of breast cancer metastasis},
  author={Aceto, Nicola and Bardia, Aditya and Miyamoto, David T and Donaldson, Maria C and Wittner, Ben S and Spencer, Joel A and Yu, Min and Pely, Adam and Engstrom, Amanda and Zhu, Huili and Brannigan, Brian W and Kapur, Ravi and Stott, Shannon L and Shioda, Toshi and Ramaswamy, Sridhar and Ting, David T and Lin, Charles P and Toner, Mehmet and Haber, Daniel A and Maheswaran, Shyamala},
  journal={Cell},
  volume={158},
  number={5},
  pages={1110--1122},
  year={2014},
  publisher={Elsevier}
}

@article{puliafito2015three,
  title={Three-dimensional chemotaxis-driven aggregation of tumor cells},
  author={Puliafito, Alberto and De Simone, Alessandro and Seano, Giorgio and Gagliardi, Paolo Armando and Di Blasio, Laura and Chianale, Federica and Gamba, Andrea and Primo, Luca and Celani, Antonio},
  journal={Scientific reports},
  volume={5},
  year={2015},
  publisher={Nature Publishing Group}
}

@article{malet2015collective,
  title={Collective cell motility promotes chemotactic prowess and resistance to chemorepulsion},
  author={Malet-Engra, Gema and Yu, Weimiao and Oldani, Amanda and Rey-Barroso, Javier and Gov, Nir S and Scita, Giorgio and Dupr{\'e}, Lo{\"\i}c},
  journal={Current Biology},
  volume={25},
  number={2},
  pages={242--250},
  year={2015},
  publisher={Elsevier}
}

@article{defranco2008migrating,
  title={Migrating cells retain gap junction plaque structure and function},
  author={Defranco, Bado Hewa and Nickel, Beth M and Baty, Catherine J and Martinez, Jacob S and Gay, Vernon L and Sandulache, Vlad C and Hackam, David J and Murray, Sandra A},
  journal={Cell communication \& adhesion},
  volume={15},
  number={3},
  pages={273--288},
  year={2008},
  publisher={Taylor \& Francis}
}

@article{theveneau2010collective,
  title={Collective chemotaxis requires contact-dependent cell polarity},
  author={Theveneau, Eric and Marchant, Lorena and Kuriyama, Sei and Gull, Mazhar and Moepps, Barbara and Parsons, Maddy and Mayor, Roberto},
  journal={Developmental cell},
  volume={19},
  number={1},
  pages={39--53},
  year={2010},
  publisher={Elsevier}
}

@article{cai2016modeling,
  title={Modeling and analysis of collective cell migration in an in vivo three-dimensional environment},
  author={Cai, Danfeng and Dai, Wei and Prasad, Mohit and Luo, Junjie and Gov, Nir S and Montell, Denise J},
  journal={Proceedings of the National Academy of Sciences},
  volume={113},
  number={15},
  pages={E2134--E2141},
  year={2016},
  publisher={National Acad Sciences}
}

@article{bianco2007two,
  title={Two distinct modes of guidance signalling during collective migration of border cells},
  author={Bianco, Ambra and Poukkula, Minna and Cliffe, Adam and Mathieu, Juliette and Luque, Carlos M and Fulga, Tudor A and R{\o}rth, Pernille},
  journal={Nature},
  volume={448},
  number={7151},
  pages={362--365},
  year={2007},
  publisher={Nature Publishing Group}
}

@article{kim2013cooperative,
  title={Cooperative roles of SDF-1$\alpha$ and EGF gradients on tumor cell migration revealed by a robust 3D microfluidic model},
  author={Kim, Beum Jun and Hannanta-Anan, Pimkhuan and Chau, Michelle and Kim, Yoon Soo and Swartz, Melody A and Wu, Mingming},
  journal={PloS one},
  volume={8},
  number={7},
  pages={e68422},
  year={2013},
  publisher={Public Library of Science}
}

@article{haessler2011dendritic,
  title={Dendritic cell chemotaxis in 3D under defined chemokine gradients reveals differential response to ligands CCL21 and CCL19},
  author={Haessler, Ulrike and Pisano, Marco and Wu, Mingming and Swartz, Melody A},
  journal={Proceedings of the National Academy of Sciences},
  volume={108},
  number={14},
  pages={5614--5619},
  year={2011},
  publisher={National Acad Sciences}
}

@article{kulesa1998neural,
  title={Neural crest cell dynamics revealed by time-lapse video microscopy of whole embryo chick explant cultures},
  author={Kulesa, PM and Fraser, SE},
  journal={Developmental biology},
  volume={204},
  number={2},
  pages={327--344},
  year={1998},
  publisher={Elsevier}
}


@article{friedl2012classifying,
  title={Classifying collective cancer cell invasion},
  author={Friedl, Peter and Locker, Joseph and Sahai, Erik and Segall, Jeffrey E},
  journal={Nature Cell Biology},
  volume={14},
  number={8},
  pages={777--783},
  year={2012},
  publisher={Nature Publishing Group}
}

@article{friedl2010plasticity,
  title={Plasticity of cell migration: a multiscale tuning model},
  author={Friedl, Peter and Wolf, Katarina},
  journal={The Journal of cell biology},
  volume={188},
  number={1},
  pages={11--19},
  year={2010},
  publisher={Rockefeller Univ Press}
}

@article{jilkine2011comparison,
  title={A comparison of mathematical models for polarization of single eukaryotic cells in response to guided cues},
  author={Jilkine, Alexandra and Edelstein-Keshet, Leah},
  journal={PLoS Comput Biol},
  volume={7},
  number={4},
  pages={e1001121--e1001121},
  year={2011}
}

@article{mayor2010keeping,
  title={Keeping in touch with contact inhibition of locomotion},
  author={Mayor, Roberto and Carmona-Fontaine, Carlos},
  journal={Trends in cell biology},
  volume={20},
  number={6},
  pages={319--328},
  year={2010},
  publisher={Elsevier}
}

@article{simons2004many,
  title={Many wrongs: the advantage of group navigation},
  author={Simons, Andrew M},
  journal={Trends in ecology \& evolution},
  volume={19},
  number={9},
  pages={453--455},
  year={2004},
  publisher={Elsevier}
}

@article{gray2010cellular,
  title={Cellular mechanisms regulating epithelial morphogenesis and cancer invasion},
  author={Gray, Ryan S and Cheung, Kevin J and Ewald, Andrew J},
  journal={Current opinion in cell biology},
  volume={22},
  number={5},
  pages={640--650},
  year={2010},
  publisher={Elsevier}
}

@article{varennes2016sense,
  title={Sense and sensitivity: physical limits to multicellular sensing, migration and drug response},
  author={Varennes, Julien and Mugler, Andrew},
  journal={Molecular Pharmaceutics},
  year={2016},
  publisher={ACS Publications}
}

@article{deisboeck2009collective,
  title={Collective behavior in cancer cell populations},
  author={Deisboeck, Thomas S and Couzin, Iain D},
  journal={Bioessays},
  volume={31},
  number={2},
  pages={190--197},
  year={2009},
  publisher={Wiley Online Library}
}

@article{haeger2015collective,
  title={Collective cell migration: guidance principles and hierarchies},
  author={Haeger, Anna and Wolf, Katarina and Zegers, Mirjam M and Friedl, Peter},
  journal={Trends in cell biology},
  volume={25},
  number={9},
  pages={556--566},
  year={2015},
  publisher={Elsevier}
}

@article{leber2009molecular,
  title={Molecular principles of cancer invasion and metastasis (review)},
  author={Leber, Mathias Felix and Efferth, Thomas},
  journal={International journal of oncology},
  volume={34},
  number={4},
  pages={881--895},
  year={2009},
  publisher={Spandidos Publications}
}

@article{friedl2009collective,
  title={Collective cell migration in morphogenesis, regeneration and cancer},
  author={Friedl, Peter and Gilmour, Darren},
  journal={Nature reviews Molecular cell biology},
  volume={10},
  number={7},
  pages={445--457},
  year={2009},
  publisher={Nature Publishing Group}
}

@article{bardeesy2002pancreatic,
  title={Pancreatic cancer biology and genetics},
  author={Bardeesy, Nabeel and DePinho, Ronald A},
  journal={Nature Reviews Cancer},
  volume={2},
  number={12},
  pages={897--909},
  year={2002},
  publisher={Nature Publishing Group}
}

@article{montell2008morphogenetic,
  title={Morphogenetic cell movements: diversity from modular mechanical properties},
  author={Montell, Denise J},
  journal={Science},
  volume={322},
  number={5907},
  pages={1502--1505},
  year={2008},
  publisher={American Association for the Advancement of Science}
}


@article{kay2008changing,
  title={Changing directions in the study of chemotaxis},
  author={Kay, Robert R and Langridge, Paul and Traynor, David and Hoeller, Oliver},
  journal={Nature Reviews Molecular Cell Biology},
  volume={9},
  number={6},
  pages={455--463},
  year={2008},
  publisher={Nature Publishing Group}
}

@article{funamoto2001role,
  title={Role of Phosphatidylinositol 3 Kinase and a Downstream Pleckstrin Homology Domain--Containing Protein in Controlling Chemotaxis inDictyostelium},
  author={Funamoto, Satoru and Milan, Kristina and Meili, Ruedi and Firtel, Richard A},
  journal={The Journal of cell biology},
  volume={153},
  number={4},
  pages={795--810},
  year={2001},
  publisher={Rockefeller Univ Press}
}

@article{nelson1975chemotaxis,
  title={Chemotaxis under agarose: a new and simple method for measuring chemotaxis and spontaneous migration of human polymorphonuclear leukocytes and monocytes},
  author={Nelson, Robert D and Quie, Paul G and Simmons, Richard L},
  journal={The Journal of Immunology},
  volume={115},
  number={6},
  pages={1650--1656},
  year={1975},
  publisher={Am Assoc Immnol}
}

@article{warden1974evaluation,
  title={Evaluation of leukocyte chemotaxis in vitro in thermally injured patients},
  author={Warden, Glenn D and Mason Jr, Arthur D and Pruitt Jr, Basil A},
  journal={Journal of Clinical Investigation},
  volume={54},
  number={4},
  pages={1001},
  year={1974},
  publisher={American Society for Clinical Investigation}
}

@article{mccutcheon1946chemotaxis,
  title={Chemotaxis in leukocytes},
  author={McCutcheon, Morton},
  journal={Physiological reviews},
  volume={26},
  number={3},
  pages={319--336},
  year={1946},
  publisher={Am Physiological Soc}
}

@article{gorelik2014quantitative,
  title={Quantitative and unbiased analysis of directional persistence in cell migration},
  author={Gorelik, Roman and Gautreau, Alexis},
  journal={Nature protocols},
  volume={9},
  number={8},
  pages={1931--1943},
  year={2014},
  publisher={Nature Publishing Group}
}

@article{dang2013inhibitory,
  title={Inhibitory signalling to the Arp2/3 complex steers cell migration},
  author={Dang, Irene and Gorelik, Roman and Sousa-Blin, Carla and Derivery, Emmanuel and Gu{\'e}rin, Christophe and Linkner, Joern and Nemethova, Maria and Dumortier, Julien G and Giger, Florence A and Chipysheva, Tamara A and others},
  journal={Nature},
  volume={503},
  number={7475},
  pages={281--284},
  year={2013},
  publisher={Nature Research}
}

@article{alt1980biased,
  title={Biased random walk models for chemotaxis and related diffusion approximations},
  author={Alt, Wolgang},
  journal={Journal of mathematical biology},
  volume={9},
  number={2},
  pages={147--177},
  year={1980},
  publisher={Springer}
}

@article{othmer1988models,
  title={Models of dispersal in biological systems},
  author={Othmer, Hans G and Dunbar, Steven R and Alt, Wolfgang},
  journal={Journal of mathematical biology},
  volume={26},
  number={3},
  pages={263--298},
  year={1988},
  publisher={Springer}
}

@article{mosadegh2008epidermal,
  title={Epidermal growth factor promotes breast cancer cell chemotaxis in CXCL12 gradients},
  author={Mosadegh, Bobak and Saadi, Wajeeh and Wang, Shur-Jen and Jeon, Noo Li},
  journal={Biotechnology and bioengineering},
  volume={100},
  number={6},
  pages={1205--1213},
  year={2008},
  publisher={Wiley Online Library}
}

@article{wang2004differential,
  title={Differential effects of EGF gradient profiles on MDA-MB-231 breast cancer cell chemotaxis},
  author={Wang, Shur-Jen and Saadi, Wajeeh and Lin, Francis and Nguyen, Connie Minh-Canh and Jeon, Noo Li},
  journal={Experimental cell research},
  volume={300},
  number={1},
  pages={180--189},
  year={2004},
  publisher={Elsevier}
}

@article{wahl1987transforming,
  title={Transforming growth factor type beta induces monocyte chemotaxis and growth factor production},
  author={Wahl, Sharon M and Hunt, Denise A and Wakefield, Lalage M and McCartney-Francis, Nancy and Wahl, Larry M and Roberts, Anita B and Sporn, Michael B},
  journal={Proceedings of the National Academy of Sciences},
  volume={84},
  number={16},
  pages={5788--5792},
  year={1987},
  publisher={National Acad Sciences}
}

@article{bischoff1997chemotaxis,
  title={Chemotaxis of skeletal muscle satellite cells},
  author={Bischoff, Richard},
  journal={Developmental dynamics},
  volume={208},
  number={4},
  pages={505--515},
  year={1997},
  publisher={Wiley Online Library}
}

@article{clark1998molecules,
  title={Molecules in focus Transforming growth factor-beta (TGF-$\beta$)},
  author={Clark, David A and Coker, Robina},
  journal={The international journal of biochemistry \& cell biology},
  volume={30},
  number={3},
  pages={293--298},
  year={1998},
  publisher={Elsevier}
}

@article{pang2016tgf,
  title={TGF-$\beta$1-induced EMT promotes targeted migration of breast cancer cells through the lymphatic system by the activation of CCR7/CCL21-mediated chemotaxis},
  author={Pang, MF and Georgoudaki, AM and Lambut, L and Johansson, J and Tabor, V and Hagikura, K and Jin, Y and Jansson, Malin and Alexander, JS and Nelson, CM and others},
  journal={Oncogene},
  volume={35},
  number={6},
  pages={748--760},
  year={2016},
  publisher={Nature Publishing Group}
}

@article{javelaud2004mammalian,
  title={Mammalian transforming growth factor-$\beta$s: Smad signaling and physio-pathological roles},
  author={Javelaud, Delphine and Mauviel, Alain},
  journal={The international journal of biochemistry \& cell biology},
  volume={36},
  number={7},
  pages={1161--1165},
  year={2004},
  publisher={Elsevier}
}

@article{patlak1953random,
  title={Random walk with persistence and external bias},
  author={Patlak, Clifford S},
  journal={Bulletin of Mathematical Biology},
  volume={15},
  number={3},
  pages={311--338},
  year={1953},
  publisher={Springer}
}

@article{iellem2001unique,
  title={Unique chemotactic response profile and specific expression of chemokine receptors CCR4 and CCR8 by CD4+ CD25+ regulatory T cells},
  author={Iellem, Andrea and Mariani, Margherita and Lang, Rosmarie and Recalde, Helios and Panina-Bordignon, Paola and Sinigaglia, Francesco and D'Ambrosio, Daniele},
  journal={The Journal of experimental medicine},
  volume={194},
  number={6},
  pages={847--854},
  year={2001},
  publisher={Rockefeller Univ Press}
}

@article{bhowmick2004stromal,
  title={Stromal fibroblasts in cancer initiation and progression},
  author={Bhowmick, Neil A and Neilson, Eric G and Moses, Harold L},
  journal={Nature},
  volume={432},
  number={7015},
  pages={332--337},
  year={2004},
  publisher={Nature Publishing Group}
}

@article{condeelis2006macrophages,
  title={Macrophages: obligate partners for tumor cell migration, invasion, and metastasis},
  author={Condeelis, John and Pollard, Jeffrey W},
  journal={Cell},
  volume={124},
  number={2},
  pages={263--266},
  year={2006},
  publisher={Elsevier}
}

@article{shieh2011regulation,
  title={Regulation of tumor invasion by interstitial fluid flow},
  author={Shieh, Adrian C and Swartz, Melody A},
  journal={Physical biology},
  volume={8},
  number={1},
  pages={015012},
  year={2011},
  publisher={IOP Publishing}
}

@article{mayr2002vascular,
  title={Vascular endothelial growth factor stimulates chemotactic migration of primary human osteoblasts},
  author={Mayr-Wohlfart, U and Waltenberger, J and Hausser, H and Kessler, S and G{\"u}nther, K-P and Dehio, C and Puhl, W and Brenner, RE},
  journal={Bone},
  volume={30},
  number={3},
  pages={472--477},
  year={2002},
  publisher={Elsevier}
}

@article{mouneimne2006spatial,
  title={Spatial and temporal control of cofilin activity is required for directional sensing during chemotaxis},
  author={Mouneimne, Ghassan and DesMarais, Vera and Sidani, Mazen and Scemes, Eliana and Wang, Weigang and Song, Xiaoyan and Eddy, Robert and Condeelis, John},
  journal={Current biology},
  volume={16},
  number={22},
  pages={2193--2205},
  year={2006},
  publisher={Elsevier}
}

@article{fiedler2005vegf,
  title={VEGF-A and PlGF-1 stimulate chemotactic migration of human mesenchymal progenitor cells},
  author={Fiedler, J{\"o}rg and Leucht, Frank and Waltenberger, Johannes and Dehio, Christoph and Brenner, Rolf E},
  journal={Biochemical and biophysical research communications},
  volume={334},
  number={2},
  pages={561--568},
  year={2005},
  publisher={Elsevier}
}


@article{kwon2012analysis,
  title={Analysis on the current status of targeted drug delivery to tumors},
  author={Kwon, Il Keun and Lee, Sang Cheon and Han, Bumsoo and Park, Kinam},
  journal={Journal of Controlled Release},
  volume={164},
  number={2},
  pages={108--114},
  year={2012},
  publisher={Elsevier}
}

@article{malam2009liposomes,
  title={Liposomes and nanoparticles: nanosized vehicles for drug delivery in cancer},
  author={Malam, Yogeshkumar and Loizidou, Marilena and Seifalian, Alexander M},
  journal={Trends in pharmacological sciences},
  volume={30},
  number={11},
  pages={592--599},
  year={2009},
  publisher={Elsevier}
}

@article{torres1998mechanisms,
  title={Mechanisms of Taxol-induced cell death are concentration dependent},
  author={Torres, Keila and Horwitz, Susan Band},
  journal={Cancer research},
  volume={58},
  number={16},
  pages={3620--3626},
  year={1998},
  publisher={AACR}
}

@article{bae2011targeted,
  title={Targeted drug delivery to tumors: myths, reality and possibility},
  author={Bae, You Han and Park, Kinam},
  journal={Journal of Controlled Release},
  volume={153},
  number={3},
  pages={198},
  year={2011},
  publisher={NIH Public Access}
}

@article{grantab2006penetration,
  title={The penetration of anticancer drugs through tumor tissue as a function of cellular adhesion and packing density of tumor cells},
  author={Grantab, Rama and Sivananthan, Shankar and Tannock, Ian F},
  journal={Cancer research},
  volume={66},
  number={2},
  pages={1033--1039},
  year={2006},
  publisher={AACR}
}

@article{danhier2010exploit,
  title={To exploit the tumor microenvironment: passive and active tumor targeting of nanocarriers for anti-cancer drug delivery},
  author={Danhier, Fabienne and Feron, Olivier and Pr{\'e}at, V{\'e}ronique},
  journal={Journal of Controlled Release},
  volume={148},
  number={2},
  pages={135--146},
  year={2010},
  publisher={Elsevier}
}

@article{minchinton2006drug,
  title={Drug penetration in solid tumours},
  author={Minchinton, Andrew I and Tannock, Ian F},
  journal={Nature Reviews Cancer},
  volume={6},
  number={8},
  pages={583--592},
  year={2006},
  publisher={Nature Publishing Group}
}


@incollection{maree2007cellular,
	series = {Mathematics and {Biosciences} in {Interaction}},
	title = {The {Cellular} {Potts} {Model} and {Biophysical} {Properties} of {Cells}, {Tissues} and {Morphogenesis}},
	copyright = {2007 Birkh{\"a}user Verlag AG},
	isbn = {978-3-7643-8101-1 978-3-7643-8123-3},
	booktitle = {Single-{Cell}-{Based} {Models} in {Biology} and {Medicine}},
	publisher = {Birkh{\"a}user Basel},
	author = {Mar{\'e}e, Athanasius F. M. and Grieneisen, Ver{\^o}nica A. and Hogeweg, Paulien},
	editor = {Anderson, Alexander R. A. and Chaplain, Mark A. J. and Rejniak, Katarzyna A.},
	year = {2007},
	note = {DOI: 10.1007/978-3-7643-8123-3\_5},
}

@article{szabo2006phase,
  title={Phase transition in the collective migration of tissue cells: experiment and model},
  author={Szabo, Balint and Sz{\"o}ll{\"o}si, GJ and G{\"o}nci, B and Jur{\'a}nyi, Zs and Selmeczi, David and Vicsek, Tam{\'a}s},
  journal={Physical Review E},
  volume={74},
  number={6},
  pages={061908},
  year={2006},
  publisher={APS}
}

@article{szabo2010collective,
  title={Collective cell motion in endothelial monolayers},
  author={Szab{\'o}, A and {\"U}nnep, R and M{\'e}hes, E and Twal, WO and Argraves, WS and Cao, Y and Czir{\'o}k, A},
  journal={Physical biology},
  volume={7},
  number={4},
  pages={046007},
  year={2010},
  publisher={IOP Publishing}
}

@article{szabo2016modelling,
  title={Modelling collective cell migration of neural crest},
  author={Szab{\'o}, Andr{\'a}s and Mayor, Roberto},
  journal={Current opinion in cell biology},
  volume={42},
  pages={22--28},
  year={2016},
  publisher={Elsevier}
}

@article{ramel2013rab11,
  title={Rab11 regulates cell--cell communication during collective cell movements},
  author={Ramel, Damien and Wang, Xiaobo and Laflamme, Carl and Montell, Denise J and Emery, Gregory},
  journal={Nature cell biology},
  volume={15},
  number={3},
  pages={317--324},
  year={2013},
  publisher={Nature Research}
}

@article{camley2016emergent,
  title = {Emergent Collective Chemotaxis without Single-Cell Gradient Sensing},
  author = {Camley, Brian A. and Zimmermann, Juliane and Levine, Herbert and Rappel, Wouter-Jan},
  journal = {Phys. Rev. Lett.},
  volume = {116},
  issue = {9},
  pages = {098101},
  numpages = {6},
  year = {2016},
  month = {Mar},
  publisher = {American Physical Society},
  doi = {10.1103/PhysRevLett.116.098101},
  url = {http://link.aps.org/doi/10.1103/PhysRevLett.116.098101}
}

@article{camley2016collective,
  title={Collective signal processing in cluster chemotaxis: Roles of adaptation, amplification, and co-attraction in collective guidance},
  author={Camley, Brian A and Zimmermann, Juliane and Levine, Herbert and Rappel, Wouter-Jan},
  journal={PLoS computational biology},
  volume={12},
  number={7},
  pages={e1005008},
  year={2016},
  publisher={Public Library of Science}
}

@article{smith2016role,
  title={Role of spatial averaging in multicellular gradient sensing},
  author={Smith, Tyler and Fancher, Sean and Levchenko, Andre and Nemenman, Ilya and Mugler, Andrew},
  journal={Physical biology},
  volume={13},
  number={3},
  pages={35004--35013},
  year={2016},
  publisher={IOP Publishing}
}

@article{maclaren2015models,
  title={Models, measurement and inference in epithelial tissue dynamics},
  author={Maclaren, Oliver J and Fletcher, AG and Byrne, HM and Maini, Philip K},
  journal={arXiv preprint arXiv:1506.05052},
  year={2015}
}

@article{kabla2012collective,
  title={Collective cell migration: leadership, invasion and segregation},
  author={Kabla, Alexandre J},
  journal={Journal of The Royal Society Interface},
  pages={rsif20120448},
  year={2012},
  publisher={The Royal Society}
}

@article{coburn2013tactile,
  title={Tactile interactions lead to coherent motion and enhanced chemotaxis of migrating cells},
  author={Coburn, Luke and Cerone, Luca and Torney, Colin and Couzin, Iain D and Neufeld, Zoltan},
  journal={Physical biology},
  volume={10},
  number={4},
  pages={046002},
  year={2013},
  publisher={IOP Publishing}
}

@article{basan2013alignment,
  title={Alignment of cellular motility forces with tissue flow as a mechanism for efficient wound healing},
  author={Basan, Markus and Elgeti, Jens and Hannezo, Edouard and Rappel, Wouter-Jan and Levine, Herbert},
  journal={Proceedings of the National Academy of Sciences},
  volume={110},
  number={7},
  pages={2452--2459},
  year={2013},
  publisher={National Acad Sciences}
}

@article{janulevicius2015short,
  title={Short-Range Guiding Can Result in the Formation of Circular Aggregates in Myxobacteria Populations},
  author={Janulevicius, Albertas and van Loosdrecht, Mark and Picioreanu, Cristian},
  journal = {PLoS Comput Biol},
  volume = {11},
  year={2015}
}

@article{graner1992simulation,
  title={Simulation of biological cell sorting using a two-dimensional extended Potts model},
  author={Graner, Fran{\c{c}}ois and Glazier, James A},
  journal={Physical review letters},
  volume={69},
  number={13},
  pages={2013},
  year={1992},
  publisher={APS}
}

@article{swat2012multi,
  title={Multi-scale modeling of tissues using CompuCell3D},
  author={Swat, Maciej H and Thomas, Gilberto L and Belmonte, Julio M and Shirinifard, Abbas and Hmeljak, Dimitrij and Glazier, James A},
  journal={Methods in cell biology},
  volume={110},
  pages={325},
  year={2012},
  publisher={NIH Public Access}
}

@article{vicsek1995novel,
  title={Novel type of phase transition in a system of self-driven particles},
  author={Vicsek, Tam{\'a}s and Czir{\'o}k, Andr{\'a}s and Ben-Jacob, Eshel and Cohen, Inon and Shochet, Ofer},
  journal={Physical review letters},
  volume={75},
  number={6},
  pages={1226},
  year={1995},
  publisher={APS}
}

@article{camley2015collective,
  title={Collective signal processing in cluster chemotaxis: roles of adaptation, amplification, and co-attraction in collective guidance},
  author={Camley, Brian A and Zimmermann, Juliane and Levine, Herbert and Rappel, Wouter-Jan},
  journal={arXiv preprint arXiv:1512.00544},
  year={2015}
}

@article{varennes2016collective,
  title={Collective Chemotaxis through Noisy Multicellular Gradient Sensing},
  author={Varennes, Julien and Han, Bumsoo and Mugler, Andrew},
  journal={Biophysical Journal},
  volume={111},
  number={3},
  pages={640},
  year={2016},
  publisher={Elsevier}
}


@article{berg1977physics,
  title={Physics of chemoreception.},
  author={Berg, Howard C and Purcell, Edward M},
  journal={Biophysical journal},
  volume={20},
  number={2},
  pages={193},
  year={1977},
  publisher={The Biophysical Society}
}

@article{bialek2005physical,
  title={Physical limits to biochemical signaling},
  author={Bialek, William and Setayeshgar, Sima},
  journal={Proceedings of the National Academy of Sciences of the United States of America},
  volume={102},
  number={29},
  pages={10040--10045},
  year={2005},
  publisher={National Acad Sciences}
}

@article{endres2009accuracy,
  title={Accuracy of direct gradient sensing by cell-surface receptors},
  author={Endres, Robert G and Wingreen, Ned S},
  journal={Progress in biophysics and molecular biology},
  volume={100},
  number={1},
  pages={33--39},
  year={2009},
  publisher={Elsevier}
}

@article{endres2008accuracy,
  title={Accuracy of direct gradient sensing by single cells},
  author={Endres, Robert G and Wingreen, Ned S},
  journal={Proceedings of the National Academy of Sciences},
  volume={105},
  number={41},
  pages={15749--15754},
  year={2008},
  publisher={National Acad Sciences}
}

@article{kaizu2014berg,
  title={The berg-purcell limit revisited},
  author={Kaizu, Kazunari and de Ronde, Wiet and Paijmans, Joris and Takahashi, Koichi and Tostevin, Filipe and ten Wolde, Pieter Rein},
  journal={Biophysical journal},
  volume={106},
  number={4},
  pages={976--985},
  year={2014},
  publisher={Elsevier}
}

@article{mugler2016limits,
  title={Limits to the precision of gradient sensing with spatial communication and temporal integration},
  author={Mugler, Andrew and Levchenko, Andre and Nemenman, Ilya},
  journal={Proceedings of the National Academy of Sciences},
  pages={201509597},
  year={2016},
  publisher={National Acad Sciences}
}

@article{levchenko2002models,
  title={Models of eukaryotic gradient sensing: application to chemotaxis of amoebae and neutrophils},
  author={Levchenko, Andre and Iglesias, Pablo A},
  journal={Biophysical journal},
  volume={82},
  number={1},
  pages={50--63},
  year={2002},
  publisher={Elsevier}
}

@article{iglesias2008navigating,
  title={Navigating through models of chemotaxis},
  author={Iglesias, Pablo A and Devreotes, Peter N},
  journal={Current opinion in cell biology},
  volume={20},
  number={1},
  pages={35--40},
  year={2008},
  publisher={Elsevier}
}

@article{roussos2011chemotaxis,
  title={Chemotaxis in cancer},
  author={Roussos, Evanthia T and Condeelis, John S and Patsialou, Antonia},
  journal={Nature Reviews Cancer},
  volume={11},
  number={8},
  pages={573--587},
  year={2011},
  publisher={Nature Publishing Group}
}

@article{bicknell2015limits,
  title={The limits of chemosensation vary across dimensions},
  author={Bicknell, Brendan A and Dayan, Peter and Goodhill, Geoffrey J},
  journal={Nature communications},
  volume={6},
  year={2015},
  publisher={Nature Publishing Group}
}

@article{hu2010physical,
  title={Physical limits on cellular sensing of spatial gradients},
  author={Hu, Bo and Chen, Wen and Rappel, Wouter-Jan and Levine, Herbert},
  journal={Physical review letters},
  volume={105},
  number={4},
  pages={048104},
  year={2010},
  publisher={APS}
}

@article{lan2012energy,
  title={The energy-speed-accuracy trade-off in sensory adaptation},
  author={Lan, Ganhui and Sartori, Pablo and Neumann, Silke and Sourjik, Victor and Tu, Yuhai},
  journal={Nature physics},
  volume={8},
  number={5},
  pages={422--428},
  year={2012},
  publisher={Nature Research}
}

@article{fancher2016fundamental,
  title = {Fundamental Limits to Collective Concentration Sensing in Cell Populations},
  author = {Fancher, Sean and Mugler, Andrew},
  journal = {Phys. Rev. Lett.},
  volume = {118},
  issue = {7},
  pages = {078101},
  numpages = {5},
  year = {2017},
  month = {Feb},
  publisher = {American Physical Society},
  doi = {10.1103/PhysRevLett.118.078101},
  url = {http://link.aps.org/doi/10.1103/PhysRevLett.118.078101}
}

@book{gardiner1985handbook,
  title={Handbook of stochastic methods},
  author={Gardiner, Crispin W and others},
  volume={3},
  year={1985},
  publisher={Springer Berlin}
}


@misc{ch2code,
  note={See \url{http://doi.org/10.5281/zenodo.831160} for single-cell chemotaxis CPM source code.}
}

@misc{ch3code,
  note={See \url{https://doi.org/10.5281/zenodo.401040} for collective cell polarization source code.}
}

@misc{ch4code,
  note={See \url{https://doi.org/10.5281/zenodo.54980} for collective chemotaxis CPM source code.}
}
